@article{gunasekaran2011evaluation,
  title={Evaluation of artificial immune system with artificial neural network for predicting Bombay stock exchange trends},
  author={Gunasekaran, M and Ramaswami, KS},
  journal={Journal of Computer Science},
  volume={7},
  number={7},
  pages={967--972},
  year={2011}
}
